<?xml version="1.0" encoding="UTF-8"?><collection xmlns="http://www.loc.gov/MARC21/slim"><record><leader>00416nam--2200157-i-4500</leader><controlfield tag="001">000015839</controlfield><controlfield tag="002">20161230</controlfield><controlfield tag="005">20170302224239</controlfield><controlfield tag="008">060222s1000------------r-----000-0-eng-d</controlfield><datafield ind1=" " ind2=" " tag="100"><subfield code="a">Carstea, Horia</subfield></datafield><datafield ind1=" " ind2=" " tag="245"><subfield code="a">Circuite electronice in tehnologia hibrida. Aplicatii</subfield></datafield><datafield ind1=" " ind2=" " tag="260"><subfield code="a">Timisoara</subfield><subfield code="b">Editura Facla</subfield><subfield code="c">1987</subfield></datafield><datafield ind1=" " ind2=" " tag="300"><subfield code="a">244 p</subfield></datafield><datafield ind1=" " ind2=" " tag="700"><subfield code="a">Georgescu, Mihai</subfield></datafield><datafield ind1=" " ind2=" " tag="852"><subfield code="a">621.38.04</subfield></datafield><datafield ind1=" " ind2=" " tag="CAT"><subfield code="a">SYS</subfield><subfield code="c">20170302</subfield><subfield code="h">224239</subfield></datafield></record></collection>